@article{shu2018fakenewsnet,
  title={FakeNewsNet: A Data Repository with News Content, Social Context and Dynamic Information for Studying Fake News on Social Media},
  author={Shu, Kai and  Mahudeswaran, Deepak and Wang, Suhang and Lee, Dongwon and Liu, Huan},
  journal={arXiv preprint arXiv:1809.01286},
  year={2018}
}